@online{lfd,
    author = {Christian Forssén},
    title = {Lecture 3 - Learning from Data},
    year = {2019},
    note = {My lecture notes from taking the course},
}
@online{project_pm,
    author = {Andreas Ekström},
    title = {TIF345/FYM345 Project 1: Cosmological models},
    year = {2020},
    url = {https://gitlab.com/chalmers-physics-courses/TIF345/-/blob/master/assignments/project-1/project_description.pdf},
    note = {Accessed on 2020-11-15},
}
